    @BOOK{Automata,
      author =       "Alexander Meduna",
      title =        "Automata and Languages: Theory and Applications",
      publisher =    "Springer London",
      year =         "2000",
      edition =      "1",
      isbn =         "1-85233-074-0",
    }
    @BOOK{Methodes,
      author =       "Gorodkin J., Walter L. RUZZO",
      title =        "RNA Sequence, Structure, and Function: Computational and Bioinformatic Methods",
      publisher =    "Humana Press",
      year =         "2014",
      edition =      "1",
      isbn =         "978-1-62703-708-2",
    }
    @BOOK{Reggram,
      author =       "Alexander Meduna, Petr Zemek",
      title =        "Regulated Grammars and Their Transformations",
      publisher =    "Brno University of Technology",
      edition =      "1",
      year =         "2010",
      isbn =         "978-80-214-4203-0",
    }
    @BOOK{Mnoziny,
      author =       "FUCHS Eduard",
      title =        "Matematická logika a teorie množin",
      publisher =    "Plzeň : Fraus",
      year =         "2013",
      edition =      "1",
      isbn =         "978-80-7489-138-0",
    }
    @BOOK{Automata2,
      author =       "Alexander Meduna, Petr Zemek",
      title =        "Regulated Grammars and Automata",
      publisher =    "Springer",
      year =         "2014",
      isbn =         "978-1-4939-0369-6",
    }
    @website{FastaID,
      author =       "National Center for Biotechnology Information",
      title =        "FASTA Sequence ID Format",
      howpublished = "online",
      url =          "https://ncbi.github.io/cxx-toolkit/pages/ch_demo#ch_demo.id1_fetch.html_ref_fasta",
      cited =        "2021-03-28"
    }
    @BOOK{Bio1,
      author =       "Benjamin A. Pierce",
      title =        "Genetics: A Conceptual Approach",
      publisher =    "Kate Ahr Parker",
      edition =      "4",
      year =         "2010",
      isbn =         "1-4292-3250-1",
    }
    @BOOK{Bio2,
      author =       "Marjorie A. Hoy",
      title =        "Insect Molecular Genetics An Introduction to Principles and Applications",
      publisher =    "Academic Press",
      edition =      "3",
      year =         "2013",
      isbn =         "0-12-415874-9",
    }
    @BOOK{Bio3,
      author =       "Donald Voet, Judith G. Voet, Charlotte W. Pratt",
      title =        "Fundamentals of Biochemistry life at the molecular level",
      publisher =    "Kaye Pace",
      edition =      "3",
      year =         "2013",
      isbn =         "978-0470-12930-2",
    }
